<record><leader>00000cas a22000007a 4500</leader><controlfield tag="001">32228763</controlfield><controlfield tag="008">950330d19421952cauwr ne      0    0eng d</controlfield><datafield ind1=" " ind2=" " tag="010"><subfield code="a">sn 95068788 </subfield></datafield><datafield ind1=" " ind2=" " tag="040"><subfield code="a">MGN</subfield><subfield code="b">eng</subfield><subfield code="c">MGN</subfield><subfield code="d">CNK</subfield><subfield code="d">OCLCQ</subfield><subfield code="d">J9U</subfield><subfield code="d">OCLCQ</subfield><subfield code="d">OCLCF</subfield><subfield code="d">OCLCO</subfield></datafield><datafield ind1="7" ind2=" " tag="016"><subfield code="a">002172719</subfield><subfield code="2">IsJJNL</subfield></datafield><datafield ind1=" " ind2=" " tag="019"><subfield code="a">234096619</subfield></datafield><datafield ind1="1" ind2=" " tag="029"><subfield code="a">AU@</subfield><subfield code="b">000012745002</subfield></datafield><datafield ind1=" " ind2=" " tag="042"><subfield code="a">msc</subfield></datafield><datafield ind1=" " ind2=" " tag="043"><subfield code="a">n-us-ca</subfield></datafield><datafield ind1="0" ind2="4" tag="245"><subfield code="a">The Southwestern Jewish press.</subfield></datafield><datafield ind1="3" ind2="0" tag="246"><subfield code="a">Jewish press</subfield></datafield><datafield ind1=" " ind2=" " tag="260"><subfield code="a">San Diego, Calif. :</subfield><subfield code="b">[s.n.]</subfield></datafield><datafield ind1=" " ind2=" " tag="300"><subfield code="a">v.</subfield></datafield><datafield ind1=" " ind2=" " tag="310"><subfield code="a">Biweekly,</subfield><subfield code="b">Nov. 14, 1949-</subfield></datafield><datafield ind1=" " ind2=" " tag="321"><subfield code="a">Weekly,</subfield><subfield code="b">&lt;Sept. 6, 1945-Aug. 7, 1947&gt;</subfield></datafield><datafield ind1=" " ind2=" " tag="321"><subfield code="a">Monthly,</subfield><subfield code="b">&lt;Apr. 1949&gt;-Oct. 1949</subfield></datafield><datafield ind1="1" ind2=" " tag="362"><subfield code="a">Began Aug. 7, 1942.</subfield></datafield><datafield ind1="0" ind2=" " tag="362"><subfield code="a">-v. 35, no. 82 (Sept. 5, 1952).</subfield></datafield><datafield ind1=" " ind2=" " tag="500"><subfield code="a">"A consolidation of San Diego Jewish press-Southwest Jewish review and the Jewish community news."</subfield></datafield><datafield ind1=" " ind2=" " tag="500"><subfield code="a">Editor: Lewis Solomon, &lt;1942&gt;.</subfield></datafield><datafield ind1=" " ind2=" " tag="588"><subfield code="a">Description based on: Vol. 28, no. 33 (Aug. 14, 1942).</subfield></datafield><datafield ind1=" " ind2="0" tag="650"><subfield code="a">Jewish newspapers</subfield><subfield code="z">California.</subfield></datafield><datafield ind1=" " ind2="0" tag="651"><subfield code="a">San Diego (Calif.)</subfield><subfield code="v">Newspapers.</subfield></datafield><datafield ind1=" " ind2="7" tag="655"><subfield code="a">Newspapers.</subfield><subfield code="2">fast</subfield><subfield code="0">(OCoLC)fst01423814</subfield></datafield><datafield ind1=" " ind2="7" tag="650"><subfield code="a">Jewish newspapers.</subfield><subfield code="2">fast</subfield><subfield code="0">(OCoLC)fst00982872</subfield></datafield><datafield ind1=" " ind2="7" tag="651"><subfield code="a">California.</subfield><subfield code="2">fast</subfield><subfield code="0">(OCoLC)fst01204928</subfield></datafield><datafield ind1=" " ind2="7" tag="651"><subfield code="a">California</subfield><subfield code="z">San Diego.</subfield><subfield code="2">fast</subfield><subfield code="0">(OCoLC)fst01205232</subfield></datafield><datafield ind1=" " ind2=" " tag="752"><subfield code="a">United States</subfield><subfield code="b">California</subfield><subfield code="c">San Diego</subfield><subfield code="d">San Diego.</subfield></datafield><datafield ind1="0" ind2="0" tag="780"><subfield code="t">Southwestern Jewish review</subfield><subfield code="w">(DLC)sn9506087878</subfield></datafield><datafield ind1="0" ind2="0" tag="785"><subfield code="t">Southwest Jewish press</subfield><subfield code="w">(DLC)sn 96064429</subfield></datafield></record>